@inproceedings{bergstra2013,
  title = {Hyperopt: {{A Python Library}} for {{Optimizing}} the {{Hyperparameters}} of {{Machine Learning Algorithms}}},
  booktitle = {Python in {{Science Conference}}},
  author = {Bergstra, James and Yamins, Dan and Cox, David},
  year = {2013},
  pages = {13--19},
  address = {Austin, Texas},
  doi = {10.25080/Majora-8b375195-003},
  urldate = {2024-08-11},
  langid = {english}
}

@inproceedings{pal2021,
  title = {{{RNN}} with {{Particle Flow}} for {{Probabilistic Spatio-temporal Forecasting}}},
  booktitle = {{{ICML}}},
  author = {Pal, Soumyasundar and Ma, Liheng and Zhang, Yingxue and Coates, Mark},
  year = {2021},
  eprint = {2106.06064},
  primaryclass = {cs, stat},
  publisher = {arXiv},
  url = {http://arxiv.org/abs/2106.06064},
  urldate = {2023-08-28},
  archiveprefix = {arXiv},
  langid = {english},
  keywords = {code,read}
}

@inproceedings{li2022,
  title = {Generative {{Time Series Forecasting}} with {{Diffusion}}, {{Denoise}}, and {{Disentanglement}}},
  booktitle = {{{NeurIPS}}},
  author = {Li, Yan and Lu, Xinjiang and Wang, Yaqing and Dou, Dejing},
  year = {2022},
  publisher = {NEURIPS},
  langid = {english},
  keywords = {code,scanned}
}

@misc{lin2023,
  title = {Diffusion {{Models}} for {{Time Series Applications}}: {{A Survey}}},
  author = {Lin, Lequan and Li, Zhengkun and Li, Ruikun and Li, Xuliang and Gao, Junbin},
  year = {2023},
  number = {arXiv:2305.00624},
  eprint = {2305.00624},
  primaryclass = {cs},
  publisher = {arXiv},
  url = {http://arxiv.org/abs/2305.00624},
  urldate = {2023-11-02},
  archiveprefix = {arXiv},
  langid = {english},
  keywords = {scanned,survey}
}

@inproceedings{wen2023,
  title = {{{DiffSTG}}: {{Probabilistic Spatio-Temporal Graph Forecasting}} with {{Denoising Diffusion Models}}},
  booktitle = {{{SIGSPATIAL}}},
  author = {Wen, Haomin and Lin, Youfang and Xia, Yutong and Wan, Huaiyu and Wen, Qingsong and Zimmermann, Roger and Liang, Yuxuan},
  year = {2023},
  eprint = {2301.13629},
  publisher = {arXiv},
  url = {http://arxiv.org/abs/2301.13629},
  urldate = {2023-11-02},
  archiveprefix = {arXiv},
  keywords = {code,read}
}

@misc{yang2023,
  title = {Diffusion {{Models}}: {{A Comprehensive Survey}} of {{Methods}} and {{Applications}}},
  author = {Yang, Ling and Zhang, Zhilong and Song, Yang and Hong, Shenda and Xu, Runsheng and Zhao, Yue and Zhang, Wentao and Cui, Bin and Yang, Ming-Hsuan},
  year = {2023},
  number = {arXiv:2209.00796},
  eprint = {2209.00796},
  primaryclass = {cs},
  publisher = {arXiv},
  url = {http://arxiv.org/abs/2209.00796},
  urldate = {2023-11-24},
  archiveprefix = {arXiv},
  langid = {english},
  keywords = {scanned,survey}
}

@misc{meng2023,
  title = {Diffusion {{Model Based Posterior Sampling}} for {{Noisy Linear Inverse Problems}}},
  author = {Meng, Xiangming and Kabashima, Yoshiyuki},
  year = {2023},
  eprint = {2211.12343},
  primaryclass = {cs, math, stat},
  publisher = {arXiv},
  doi = {10.48550/arXiv.2211.12343},
  urldate = {2023-12-06},
  archiveprefix = {arXiv},
  keywords = {scanned}
}

@inproceedings{feng2023,
  title = {Score-{{Based Diffusion Models}} as {{Principled Priors}} for {{Inverse Imaging}}},
  booktitle = {2023 {{IEEE}}/{{CVF International Conference}} on {{Computer Vision}} ({{ICCV}})},
  author = {Feng, Berthy T. and Smith, Jamie and Rubinstein, Michael and Chang, Huiwen and Bouman, Katherine L. and Freeman, William T.},
  year = {2023},
  pages = {10486--10497},
  publisher = {IEEE},
  address = {Paris, France},
  doi = {10.1109/ICCV51070.2023.00965},
  urldate = {2024-03-21},
  isbn = {9798350307184},
  langid = {english}
}

@inproceedings{dhariwal2021,
  title = {Diffusion {{Models Beat GANs}} on {{Image Synthesis}}},
  booktitle = {{{NeurIPS}}},
  author = {Dhariwal, Prafulla and Nichol, Alex},
  year = {2021},
  eprint = {2105.05233},
  primaryclass = {cs, stat},
  publisher = {NeurIPS},
  url = {http://arxiv.org/abs/2105.05233},
  urldate = {2024-04-01},
  archiveprefix = {arXiv},
  keywords = {scanned}
}

@inproceedings{nichol2021,
  title = {Improved {{Denoising Diffusion Probabilistic Models}}},
  booktitle = {{{ICML}}},
  author = {Nichol, Alexander Quinn and Dhariwal, Prafulla},
  year = {2021},
  pages = {8162--8171},
  publisher = {PMLR},
  issn = {2640-3498},
  url = {https://proceedings.mlr.press/v139/nichol21a.html},
  urldate = {2024-04-04},
  langid = {english},
  keywords = {code,scanned}
}

@misc{meijer2024,
  title = {The {{Rise}} of {{Diffusion Models}} in {{Time-Series Forecasting}}},
  author = {Meijer, Caspar and Chen, Lydia Y.},
  year = {2024},
  number = {arXiv:2401.03006},
  eprint = {2401.03006},
  primaryclass = {cs},
  publisher = {arXiv},
  url = {http://arxiv.org/abs/2401.03006},
  urldate = {2024-04-11},
  archiveprefix = {arXiv},
  keywords = {scanned,survey}
}

@inproceedings{rasul2021,
  title = {Autoregressive {{Denoising Diffusion Models}} for {{Multivariate Probabilistic Time Series Forecasting}}},
  booktitle = {{{ICML}}},
  author = {Rasul, Kashif and Seward, Calvin and Schuster, Ingmar and Vollgraf, Roland},
  year = {2021},
  pages = {8857--8868},
  publisher = {PMLR},
  issn = {2640-3498},
  url = {https://proceedings.mlr.press/v139/rasul21a.html},
  urldate = {2024-04-11},
  langid = {english},
  keywords = {code,scanned}
}

@article{alcaraz2023a,
  title = {Diffusion-Based {{Time Series Imputation}} and {{Forecasting}} with {{Structured State Space Models}}},
  author = {Alcaraz, Juan Miguel Lopez and Strodthoff, Nils},
  year = {2023},
  journal = {TMLR},
  langid = {english}
}

@inproceedings{shen2023,
  title = {Non-Autoregressive {{Conditional Diffusion Models}} for {{Time Series Prediction}}},
  booktitle = {{{ICML}}},
  author = {Shen, Lifeng and Kwok, James},
  year = {2023},
  pages = {31016--31029},
  publisher = {PMLR},
  issn = {2640-3498},
  url = {https://proceedings.mlr.press/v202/shen23d.html},
  urldate = {2024-04-11},
  langid = {english},
  keywords = {scanned}
}

@inproceedings{song2021,
  title = {Score-{{Based Generative Modeling}} through {{Stochastic Differential Equations}}},
  booktitle = {{{ICLR}}},
  author = {Song, Yang and {Sohl-Dickstein}, Jascha and Kingma, Diederik P and Kumar, Abhishek and Ermon, Stefano and Poole, Ben},
  year = {2021},
  langid = {english},
  keywords = {read}
}

@inproceedings{chamberlain2021,
  title = {{{GRAND}}: {{Graph Neural Diffusion}}},
  booktitle = {{{PMLR}}},
  author = {Chamberlain, Benjamin Paul and Rowbottom, James and Gorinova, Maria and Webb, Stefan and Rossi, Emanuele and Bronstein, Michael M.},
  year = {2021},
  eprint = {2106.10934},
  primaryclass = {cs, stat},
  publisher = {arXiv},
  url = {http://arxiv.org/abs/2106.10934},
  urldate = {2024-04-15},
  archiveprefix = {arXiv}
}

@inproceedings{ho2020,
  title = {Denoising {{Diffusion Probabilistic Models}}},
  booktitle = {{{NeurIPS}}},
  author = {Ho, Jonathan and Jain, Ajay and Abbeel, Pieter},
  year = {2020},
  eprint = {2006.11239},
  primaryclass = {cs, stat},
  publisher = {arXiv},
  url = {http://arxiv.org/abs/2006.11239},
  urldate = {2024-04-19},
  archiveprefix = {arXiv}
}

@misc{yan2021a,
  title = {{{ScoreGrad}}: {{Multivariate Probabilistic Time Series Forecasting}} with {{Continuous Energy-based Generative Models}}},
  author = {Yan, Tijin and Zhang, Hongwei and Zhou, Tong and Zhan, Yufeng and Xia, Yuanqing},
  year = {2021},
  number = {arXiv:2106.10121},
  eprint = {2106.10121},
  primaryclass = {cs, stat},
  publisher = {arXiv},
  doi = {10.48550/arXiv.2106.10121},
  urldate = {2024-05-01},
  archiveprefix = {arXiv}
}

@inproceedings{chung2023,
  title = {Diffusion {{Posterior Sampling}} for {{General Noisy Inverse Problems}}},
  author = {Chung, Hyungjin and Kim, Jeongsol and Mccann, Michael T. and Klasky, Marc L. and Ye, Jong Chul},
  year = {2023},
  eprint = {2209.14687},
  primaryclass = {cs, stat},
  publisher = {arXiv},
  doi = {10.48550/arXiv.2209.14687},
  urldate = {2024-05-15},
  archiveprefix = {arXiv},
  keywords = {scanned}
}

@inproceedings{lan2022,
  title = {{{DSTAGNN}}: {{Dynamic Spatial-Temporal Aware Graph Neural Network}} for {{Traffic Flow Forecasting}}},
  booktitle = {Proceedings of the 39th {{International Conference}} on {{Machine Learning}}},
  author = {Lan, Shiyong and Ma, Yitong and Huang, Weikang and Wang, Wenwu and Yang, Hongyu and Li, Pyang},
  year = {2022},
  pages = {11906--11917},
  publisher = {PMLR},
  issn = {2640-3498},
  url = {https://proceedings.mlr.press/v162/lan22a.html},
  urldate = {2024-05-23},
  langid = {english}
}

@misc{rubanova2019,
  title = {Latent {{ODEs}} for {{Irregularly-Sampled Time Series}}},
  author = {Rubanova, Yulia and Chen, Ricky T. Q. and Duvenaud, David},
  year = {2019},
  number = {arXiv:1907.03907},
  eprint = {1907.03907},
  primaryclass = {cs, stat},
  publisher = {arXiv},
  url = {http://arxiv.org/abs/1907.03907},
  urldate = {2024-06-02},
  archiveprefix = {arXiv},
  langid = {english}
}

@misc{yang2024,
  title = {A {{Survey}} on {{Diffusion Models}} for {{Time Series}} and {{Spatio-Temporal Data}}},
  author = {Yang, Yiyuan and Jin, Ming and Wen, Haomin and Zhang, Chaoli and Liang, Yuxuan and Ma, Lintao and Wang, Yi and Liu, Chenghao and Yang, Bin and Xu, Zenglin and Bian, Jiang and Pan, Shirui and Wen, Qingsong},
  year = {2024},
  number = {arXiv:2404.18886},
  eprint = {2404.18886},
  primaryclass = {cs},
  publisher = {arXiv},
  url = {http://arxiv.org/abs/2404.18886},
  urldate = {2024-06-04},
  archiveprefix = {arXiv},
  langid = {english},
  keywords = {survey}
}

@misc{tashiro2021,
  title = {{{CSDI}}: {{Conditional Score-based Diffusion Models}} for {{Probabilistic Time Series Imputation}}},
  author = {Tashiro, Yusuke and Song, Jiaming and Song, Yang and Ermon, Stefano},
  year = {2021},
  number = {arXiv:2107.03502},
  eprint = {2107.03502},
  primaryclass = {cs, stat},
  publisher = {arXiv},
  url = {http://arxiv.org/abs/2107.03502},
  urldate = {2024-06-04},
  archiveprefix = {arXiv},
  langid = {english}
}

@article{salinas2020,
  title = {{{DeepAR}}: {{Probabilistic}} Forecasting with Autoregressive Recurrent Networks},
  author = {Salinas, David and Flunkert, Valentin and Gasthaus, Jan and Januschowski, Tim},
  year = {2020},
  journal = {International Journal of Forecasting},
  volume = {36},
  number = {3},
  pages = {1181--1191},
  issn = {0169-2070},
  doi = {10.1016/j.ijforecast.2019.07.001},
  urldate = {2024-06-05}
}

@article{choi2022,
  title = {Graph {{Neural Controlled Differential Equations}} for {{Traffic Forecasting}}},
  author = {Choi, Jeongwhan and Choi, Hwangyong and Hwang, Jeehyun and Park, Noseong},
  year = {2022},
  journal = {Proceedings of the AAAI Conference on Artificial Intelligence},
  volume = {36},
  number = {6},
  pages = {6367--6374},
  issn = {2374-3468},
  doi = {10.1609/aaai.v36i6.20587},
  urldate = {2024-06-06},
  copyright = {Copyright (c) 2022 Association for the Advancement of Artificial Intelligence},
  langid = {english}
}

@misc{choi2023,
  title = {Graph {{Neural Rough Differential Equations}} for {{Traffic Forecasting}}},
  author = {Choi, Jeongwhan and Park, Noseong},
  year = {2023},
  number = {arXiv:2303.10909},
  eprint = {2303.10909},
  primaryclass = {cs},
  publisher = {arXiv},
  url = {http://arxiv.org/abs/2303.10909},
  urldate = {2024-06-06},
  archiveprefix = {arXiv},
  langid = {english}
}

@misc{cachay2023,
  title = {{{DYffusion}}: {{A Dynamics-informed Diffusion Model}} for {{Spatiotemporal Forecasting}}},
  author = {Cachay, Salva R{\"u}hling and Zhao, Bo and Joren, Hailey and Yu, Rose},
  year = {2023},
  number = {arXiv:2306.01984},
  eprint = {2306.01984},
  primaryclass = {cs, stat},
  publisher = {arXiv},
  doi = {10.48550/arXiv.2306.01984},
  urldate = {2024-06-07},
  archiveprefix = {arXiv}
}

@article{zhang2017,
  title = {Deep {{Spatio-Temporal Residual Networks}} for {{Citywide Crowd Flows Prediction}}},
  author = {Zhang, Junbo and Zheng, Yu and Qi, Dekang},
  year = {2017},
  journal = {Proceedings of the AAAI Conference on Artificial Intelligence},
  volume = {31},
  number = {1},
  issn = {2374-3468},
  doi = {10.1609/aaai.v31i1.10735},
  urldate = {2024-06-10},
  copyright = {Copyright (c)},
  langid = {english}
}

@misc{luo2022,
  title = {Understanding {{Diffusion Models}}: {{A Unified Perspective}}},
  author = {Luo, Calvin},
  year = {2022},
  number = {arXiv:2208.11970},
  eprint = {2208.11970},
  primaryclass = {cs},
  publisher = {arXiv},
  doi = {10.48550/arXiv.2208.11970},
  urldate = {2024-06-12},
  archiveprefix = {arXiv}
}

@article{chang2024,
  title = {A {{Transformer-based Diffusion Probabilistic Model}} for {{Heart Rate}} and {{Blood Pressure Forecasting}} in {{Intensive Care Unit}}},
  author = {Chang, Ping and Li, Huayu and Quan, Stuart F. and Lu, Shuyang and Wung, Shu-Fen and Roveda, Janet and Li, Ao},
  year = {2024},
  journal = {Computer Methods and Programs in Biomedicine},
  volume = {246},
  eprint = {2301.06625},
  primaryclass = {cs},
  pages = {108060},
  issn = {01692607},
  doi = {10.1016/j.cmpb.2024.108060},
  urldate = {2024-06-12},
  archiveprefix = {arXiv}
}

@misc{wang2023c,
  title = {{{DiffLoad}}: {{Uncertainty Quantification}} in {{Load Forecasting}} with {{Diffusion Model}}},
  author = {Wang, Zhixian and Wen, Qingsong and Zhang, Chaoli and Sun, Liang and Wang, Yi},
  year = {2023},
  number = {arXiv:2306.01001},
  eprint = {2306.01001},
  primaryclass = {cs, stat},
  publisher = {arXiv},
  doi = {10.48550/arXiv.2306.01001},
  urldate = {2024-06-12},
  archiveprefix = {arXiv}
}

@misc{bilos2023,
  title = {Modeling {{Temporal Data}} as {{Continuous Functions}} with {{Stochastic Process Diffusion}}},
  author = {Bilo{\v s}, Marin and Rasul, Kashif and Schneider, Anderson and Nevmyvaka, Yuriy and G{\"u}nnemann, Stephan},
  year = {2023},
  number = {arXiv:2211.02590},
  eprint = {2211.02590},
  primaryclass = {cs},
  publisher = {arXiv},
  url = {http://arxiv.org/abs/2211.02590},
  urldate = {2024-06-12},
  archiveprefix = {arXiv},
  langid = {english}
}

@article{anderson1982,
  title = {Reverse-Time Diffusion Equation Models},
  author = {Anderson, Brian D.O.},
  year = {1982},
  journal = {Stochastic Processes and their Applications},
  volume = {12},
  number = {3},
  pages = {313--326},
  issn = {03044149},
  doi = {10.1016/0304-4149(82)90051-5},
  urldate = {2024-06-12},
  copyright = {https://www.elsevier.com/tdm/userlicense/1.0/},
  langid = {english}
}

@book{sarkka2019,
  title = {Applied {{Stochastic Differential Equations}}},
  author = {S{\"a}rkk{\"a}, Simo and Solin, Arno},
  year = {2019},
  edition = {1},
  publisher = {Cambridge University Press},
  doi = {10.1017/9781108186735},
  urldate = {2024-06-23},
  copyright = {https://www.cambridge.org/core/terms},
  isbn = {978-1-108-18673-5 978-1-316-51008-7 978-1-316-64946-6},
  langid = {english}
}

@article{chen2001,
  title = {Freeway {{Performance Measurement System}}: {{Mining Loop Detector Data}}},
  author = {Chen, Chao and Petty, Karl and Skabardonis, Alexander and Varaiya, Pravin and Jia, Zhanfeng},
  year = {2001},
  journal = {Transportation Research Record},
  publisher = {SAGE PublicationsSage CA: Los Angeles, CA},
  doi = {10.3141/1748-12},
  urldate = {2024-07-21},
  copyright = {{\copyright} 2001 National Academy of Sciences},
  langid = {english}
}

@article{song2020a,
  title = {Spatial-{{Temporal Synchronous Graph Convolutional Networks}}: {{A New Framework}} for {{Spatial-Temporal Network Data Forecasting}}},
  author = {Song, Chao and Lin, Youfang and Guo, Shengnan and Wan, Huaiyu},
  year = {2020},
  journal = {Proceedings of the AAAI Conference on Artificial Intelligence},
  volume = {34},
  number = {01},
  pages = {914--921},
  issn = {2374-3468},
  doi = {10.1609/aaai.v34i01.5438},
  urldate = {2024-07-21},
  copyright = {Copyright (c) 2020 Association for the Advancement of Artificial Intelligence},
  langid = {english}
}

@misc{sutskever2014,
  title = {Sequence to {{Sequence Learning}} with {{Neural Networks}}},
  author = {Sutskever, Ilya and Vinyals, Oriol and Le, Quoc V.},
  year = {2014},
  number = {arXiv:1409.3215},
  eprint = {1409.3215},
  primaryclass = {cs},
  publisher = {arXiv},
  doi = {10.48550/arXiv.1409.3215},
  urldate = {2024-07-21},
  archiveprefix = {arXiv}
}

@misc{wu2020,
  title = {Connecting the {{Dots}}: {{Multivariate Time Series Forecasting}} with {{Graph Neural Networks}}},
  author = {Wu, Zonghan and Pan, Shirui and Long, Guodong and Jiang, Jing and Chang, Xiaojun and Zhang, Chengqi},
  year = {2020},
  number = {arXiv:2005.11650},
  eprint = {2005.11650},
  primaryclass = {cs, stat},
  publisher = {arXiv},
  doi = {10.48550/arXiv.2005.11650},
  urldate = {2024-07-21},
  archiveprefix = {arXiv}
}

@misc{wu2021a,
  title = {Quantifying {{Uncertainty}} in {{Deep Spatiotemporal Forecasting}}},
  author = {Wu, Dongxia and Gao, Liyao and Xiong, Xinyue and Chinazzi, Matteo and Vespignani, Alessandro and Ma, Yi-An and Yu, Rose},
  year = {2021},
  number = {arXiv:2105.11982},
  eprint = {2105.11982},
  primaryclass = {cs, stat},
  publisher = {arXiv},
  doi = {10.48550/arXiv.2105.11982},
  urldate = {2024-07-21},
  archiveprefix = {arXiv}
}

@misc{zhu2020,
  title = {{{AST-GCN}}: {{Attribute-Augmented Spatiotemporal Graph Convolutional Network}} for {{Traffic Forecasting}}},
  author = {Zhu, Jiawei and Tao, Chao and Deng, Hanhan and Zhao, Ling and Wang, Pu and Lin, Tao and Li, Haifeng},
  year = {2020},
  number = {arXiv:2011.11004},
  eprint = {2011.11004},
  primaryclass = {cs},
  publisher = {arXiv},
  doi = {10.48550/arXiv.2011.11004},
  urldate = {2024-07-21},
  archiveprefix = {arXiv}
}

@misc{bai2020,
  title = {Adaptive {{Graph Convolutional Recurrent Network}} for {{Traffic Forecasting}}},
  author = {Bai, Lei and Yao, Lina and Li, Can and Wang, Xianzhi and Wang, Can},
  year = {2020},
  number = {arXiv:2007.02842},
  eprint = {2007.02842},
  primaryclass = {cs, stat},
  publisher = {arXiv},
  url = {http://arxiv.org/abs/2007.02842},
  urldate = {2024-07-29},
  archiveprefix = {arXiv},
  langid = {english}
}

@misc{tang2023a,
  title = {Modeling {{Multivariate Biosignals With Graph Neural Networks}} and {{Structured State Space Models}}},
  author = {Tang, Siyi and Dunnmon, Jared A. and Qu, Liangqiong and Saab, Khaled K. and Baykaner, Tina and {Lee-Messer}, Christopher and Rubin, Daniel L.},
  year = {2023},
  number = {arXiv:2211.11176},
  eprint = {2211.11176},
  primaryclass = {cs, eess},
  publisher = {arXiv},
  doi = {10.48550/arXiv.2211.11176},
  urldate = {2024-08-06},
  archiveprefix = {arXiv}
}

@misc{gu2022,
  title = {Efficiently {{Modeling Long Sequences}} with {{Structured State Spaces}}},
  author = {Gu, Albert and Goel, Karan and R{\'e}, Christopher},
  year = {2022},
  number = {arXiv:2111.00396},
  eprint = {2111.00396},
  primaryclass = {cs},
  publisher = {arXiv},
  doi = {10.48550/arXiv.2111.00396},
  urldate = {2024-08-06},
  archiveprefix = {arXiv}
}
